<record><leader>00000cas a22000007a 4500</leader><controlfield tag="001">14574692</controlfield><controlfield tag="008">861030d18941906iauwr ne      0    0eng d</controlfield><datafield ind1=" " ind2=" " tag="010"><subfield code="a">sn 86061159 </subfield></datafield><datafield ind1=" " ind2=" " tag="040"><subfield code="a">INP</subfield><subfield code="b">eng</subfield><subfield code="c">INP</subfield><subfield code="d">OCLCQ</subfield><subfield code="d">IUL</subfield><subfield code="d">OCLCF</subfield></datafield><datafield ind1=" " ind2=" " tag="042"><subfield code="a">msc</subfield></datafield><datafield ind1=" " ind2=" " tag="043"><subfield code="a">n-us-ia</subfield></datafield><datafield ind1="0" ind2=" " tag="130"><subfield code="a">Dubuque weekly times (Dubuque, Iowa : 1894)</subfield></datafield><datafield ind1="1" ind2="0" tag="245"><subfield code="a">Dubuque weekly times.</subfield></datafield><datafield ind1="1" ind2="7" tag="246"><subfield code="a">Dubuque semi-weekly times</subfield><subfield code="f">Dec. 3, 1897-Feb. 28, 1899</subfield></datafield><datafield ind1=" " ind2=" " tag="260"><subfield code="a">Dubuque, Iowa :</subfield><subfield code="b">[s.n.],</subfield><subfield code="c">1894-</subfield></datafield><datafield ind1=" " ind2=" " tag="300"><subfield code="a">v. :</subfield><subfield code="b">ill. ;</subfield><subfield code="c">55 cm.</subfield></datafield><datafield ind1=" " ind2=" " tag="310"><subfield code="a">Weekly,</subfield><subfield code="b">Sept. 18, 1903-&lt;Sept. 20, 1906&gt;</subfield></datafield><datafield ind1=" " ind2=" " tag="321"><subfield code="a">Semiweekly,</subfield><subfield code="b">Aug. 3, 1894-Sept. 11, 1903</subfield></datafield><datafield ind1="0" ind2=" " tag="362"><subfield code="a">Aug. 3, 1894-</subfield></datafield><datafield ind1="1" ind2=" " tag="362"><subfield code="a">Ceased between Sept. 20 and Oct. 3, 1906.</subfield></datafield><datafield ind1=" " ind2=" " tag="500"><subfield code="a">Two editions weekly, Sept. 18, 1903-&lt;Sept. 20, 1906&gt;.</subfield></datafield><datafield ind1=" " ind2="0" tag="651"><subfield code="a">Dubuque (Iowa)</subfield><subfield code="v">Newspapers.</subfield></datafield><datafield ind1=" " ind2="0" tag="651"><subfield code="a">Dubuque County (Iowa)</subfield><subfield code="v">Newspapers.</subfield></datafield><datafield ind1=" " ind2="7" tag="651"><subfield code="a">Iowa</subfield><subfield code="z">Dubuque.</subfield><subfield code="2">fast</subfield><subfield code="0">(OCoLC)fst01217313</subfield></datafield><datafield ind1=" " ind2="7" tag="651"><subfield code="a">Iowa</subfield><subfield code="z">Dubuque County.</subfield><subfield code="2">fast</subfield><subfield code="0">(OCoLC)fst01212637</subfield></datafield><datafield ind1=" " ind2="7" tag="655"><subfield code="a">Newspapers.</subfield><subfield code="2">fast</subfield><subfield code="0">(OCoLC)fst01423814</subfield></datafield><datafield ind1=" " ind2=" " tag="752"><subfield code="a">United States</subfield><subfield code="b">Iowa</subfield><subfield code="c">Dubuque</subfield><subfield code="d">Dubuque.</subfield></datafield><datafield ind1="0" ind2=" " tag="775"><subfield code="t">Dubuque times (Dubuque, Iowa : 1889)</subfield><subfield code="g">Aug. 3, 1894-May 22, 1895</subfield><subfield code="w">(DLC)sn 86061168</subfield><subfield code="w">(OCoLC)14575427</subfield></datafield><datafield ind1="0" ind2=" " tag="775"><subfield code="t">Dubuque daily times (Dubuque, Iowa : 1895)</subfield><subfield code="g">May 23, 1895-&lt;Sept. 20, 1906&gt;</subfield><subfield code="w">(DLC)sn 86061158</subfield><subfield code="w">(OCoLC)14575544</subfield></datafield><datafield ind1="0" ind2="0" tag="780"><subfield code="t">Weekly times (Dubuque, Iowa : 1891)</subfield><subfield code="w">(DLC)sn 86061162</subfield><subfield code="w">(OCoLC)14574559</subfield></datafield><datafield ind1="0" ind2="7" tag="785"><subfield code="t">Dubuque daily globe-journal (Dubuque, Iowa : 1903)</subfield><subfield code="w">(DLC)sn 82016154</subfield><subfield code="w">(OCoLC)9171327</subfield></datafield><datafield ind1="0" ind2="7" tag="785"><subfield code="t">Weekly times-journal (Dubuque, Iowa)</subfield><subfield code="w">(DLC)sn 86061160</subfield><subfield code="w">(OCoLC)14574908</subfield></datafield></record>